@inproceedings{xgboost,
 author = {Chen, Tianqi and Guestrin, Carlos},
 title = {{XGBoost}: A Scalable Tree Boosting System},
 booktitle = {Proceedings of the 22nd ACM SIGKDD International Conference on Knowledge Discovery and Data Mining},
 series = {KDD '16},
 year = {2016},
 isbn = {978-1-4503-4232-2},
 location = {San Francisco, California, USA},
 pages = {785--794},
 numpages = {10},
 url = {http://doi.acm.org/10.1145/2939672.2939785},
 doi = {10.1145/2939672.2939785},
 acmid = {2939785},
 publisher = {ACM},
 address = {New York, NY, USA},
 keywords = {large-scale machine learning},
}

@article{faldani2025machine,
  title={Machine Learning Methods for Phenotype Prediction from High-Dimensional, Low Population Aquaculture Data},
  author={Faldani, Giovanni and Rossignolo, Enrico and Signor, Eleonora and Longo, Alessio and Faggion, Sara and Bargelloni, Luca and Comin, Matteo and Pizzi, Cinzia and others},
  journal={BIOSTEC},
  pages={638--646},
  year={2025}
}
